@article{Manohar:2016nzj,
      author         = "Manohar, Aneesh and Nason, Paolo and Salam, Gavin P. and
                        Zanderighi, Giulia",
      title          = "{How bright is the proton? A precise determination of the
                        photon parton distribution function}",
      journal        = "Phys. Rev. Lett.",
      volume         = "117",
      year           = "2016",
      number         = "24",
      pages          = "242002",
      doi            = "10.1103/PhysRevLett.117.242002",
      eprint         = "1607.04266",
      archivePrefix  = "arXiv",
      primaryClass   = "hep-ph",
      reportNumber   = "CERN-TH-2016-155",
      SLACcitation   = "%%CITATION = ARXIV:1607.04266;%%"
}

@article{Manohar:2017eqh,
    author = "Manohar, Aneesh V. and Nason, Paolo and Salam, Gavin P. and Zanderighi, Giulia",
    title = "{The Photon Content of the Proton}",
    eprint = "1708.01256",
    archivePrefix = "arXiv",
    primaryClass = "hep-ph",
    reportNumber = "CERN-TH-2017-141",
    doi = "10.1007/JHEP12(2017)046",
    journal = "JHEP",
    volume = "12",
    pages = "046",
    year = "2017"
}